\\
@BOOK{BK,
	author = {David J. Barnes and Michael K\"{o}lling},
	title = {Objects First with Java},
	year = {2017},
	publisher = {Pearson Education},
	edition = {6th},
	isbn = {978-0-13-447736-7}
}

@BOOK{wikiTFIDF,
	author = {Wikimedia},
	title = {tf-idf},
	year = {2018},
	publisher = {Wikimedia Foundation},
	howpublished = {Wikipedia},
	url = {https://en.wikipedia.org/wiki/Tf-idf},
	urldate = {05-12-2018}
}

